@Book{fowler-et-al,
  author = 	 {Martin Fowler and Kent Beck and John Brant and William Opdyke and Don Roberts},
  ALTeditor = 	 {},
  title = 	 {Refactoring: Improving the Design of Existing Code},
  publisher = 	 {Addison-Wesley},
  year = 	 1999,
  OPTkey = 	 {},
  OPTvolume = 	 {},
  OPTnumber = 	 {},
  OPTseries = 	 {},
  address = 	 {New Jersey, NJ},
  edition = 	 1,
  OPTmonth = 	 {},
  OPTnote = 	 {},
  OPTannote = 	 {}
}

@Book{boehm-turner,
  author = 	 {Barry Boehm and Richard Turner},
  ALTeditor = 	 {},
  title = 	 {Balancing Agility and Discipline: A Guide for the Perplexed},
  publisher = 	 {Addison-Wesley},
  year = 	 2004,
  OPTkey = 	 {},
  OPTvolume = 	 {},
  OPTnumber = 	 {},
  OPTseries = 	 {},
  address = 	 {Boston, MA},
  edition = 	 1,
  OPTmonth = 	 {},
  OPTnote = 	 {},
  OPTannote = 	 {}
}

@MastersThesis{nascimento,
  author = 	 {João Maria A. Nascimento},
  title = 	 {Simulador computacional para poços de petróleo com método de elevação artificial por bombeio 
  mecânico},
  school =       {Universidade Federal do Rio Grande do Norte},
  year = 	 2005,
  OPTkey = 	 {},
  OPTtype = 	 {},
  address = 	 {Natal, RN},
  month = 	 aug,
  OPTnote = 	 {},
  OPTannote = 	 {}
}

@Book{chung,
  author = 	 {Christopher A. Chung},
  ALTeditor = 	 {},
  title = 	 {Simulation Modeling Handbook: A Practical Approach},
  publisher = 	 {CRC Press},
  year = 	 2004,
  OPTkey = 	 {},
  OPTvolume = 	 {},
  OPTnumber = 	 {},
  OPTseries = 	 {},
  address = 	 {Texas, USA},
  edition = 	 1,
  OPTmonth = 	 {},
  OPTnote = 	 {},
  OPTannote = 	 {}
}

@MastersThesis{baruzzi,
  author = 	 {Jose Octavio do Amaral Baruzzi},
  title = 	 {Modelagem do plunger lift convencional},
  school =       {Universidade Estadual de Campinas},
  year = 	 1994,
  OPTkey = 	 {},
  OPTtype = 	 {},
  address = 	 {Campinas, SP},
  month = 	 aug,
  OPTnote = 	 {},
  OPTannote = 	 {}
}

@TechReport{abreu-rangel,
  author = 	 {Adriana Meireles Macedo Abreu and João José de Assis Rangel},
  title = 	 {Simulação computacional: Uma abordagem introdutória},
  institution =  {Universidade Estadual do Norte Fluminense Darcy Ribeiro},
  year = 	 1999,
  OPTkey = 	 {},
  month =	 dec,
  address =  {Macaé, RJ},
  OPTannote = 	 {}
}

@TechReport{castro,
  author = 	 {Cristiano Gurgel de Castro},
  title = 	 {Desenvolvimento de um Simulador Computacional para Poços de Petróleo com Método de Elevação 
  Artificial por Plunger Lift},
  institution =  {Universidade Federal do Rio Grande do Norte},
  year = 	 2009,
  OPTkey = 	 {},
  type =	 {Trabalho de Conclusão de Curso},
  month =	 dec,
  address =  {Natal, RN},
  OPTannote = 	 {}
}

@TechReport{barbosa,
  author = 	 {Thiago de Souza Barbosa},
  title = 	 {Desenvolvimento da Interface Gráfica para um Simulador Computacional do Sistema de Elevação 
  por Bombeio Centrífugo Submerso},
  institution =  {Universidade Federal do Rio Grande do Norte},
  year = 	 2008,
  OPTkey = 	 {},
  type =	 {Trabalho de Conclusão de Curso},
  month =	 jun,
  address =  {Natal, RN},
  OPTannote = 	 {}
}

@MastersThesis{bezerra,
  author = 	 {Murilo Valença Bezerra},
  title = 	 {Avaliação de métodos de elevação artificial de petróleo utilizando conjuntos nebulosos},
  school =       {Universidade Estadual de Campinas},
  year = 	 2002,
  OPTkey = 	 {},
  OPTtype = 	 {},
  address = 	 {Campinas, SP},
  month = 	 aug,
  OPTnote = 	 {},
  OPTannote = 	 {}
}

@MastersThesis{almeida,
  author = 	 {Leonardo Jesus Almeida},
  title = 	 {Sistema de representação e avaliação de metodos de elevação artificial de petróleo},
  school =       {Universidade Federal da Bahia},
  year = 	 2006,
  OPTkey = 	 {},
  OPTtype = 	 {},
  address = 	 {Salvador, BA},
  month = 	 aug,
  OPTnote = 	 {},
  OPTannote = 	 {}
}

@Book{thomas,
  author = 	 {José Eduardo Thomas},
  ALTeditor = 	 {},
  title = 	 {Fundamentos de Engenharia de Petróleo},
  publisher = 	 {Interciência},
  year = 	 2004,
  OPTkey = 	 {},
  OPTvolume = 	 {},
  OPTnumber = 	 {},
  OPTseries = 	 {},
  address = 	 {Rio de Janeiro, RJ},
  edition = 	 2,
  OPTmonth = 	 {},
  OPTnote = 	 {},
  OPTannote = 	 {}
}

@Book{alexander-et-al,
  author = 	 {Christopher Alexander and Sara Ishikawa and Murray Silverstein and Max Jacobson and Ingrid 
  Fiksdahl-King and Shlomo Angel},
  ALTeditor = 	 {},
  title = 	 {A Pattern Language},
  publisher = 	 {Oxford University Press},
  year = 	 1977,
  OPTkey = 	 {},
  OPTvolume = 	 {},
  OPTnumber = 	 {},
  OPTseries = 	 {},
  address = 	 {New York},
  edition = 	 1,
  OPTmonth = 	 {},
  OPTnote = 	 {},
  OPTannote = 	 {}
}

@Book{gamma-et-al,
  author = 	 {Erich Gamma and Richard Helm and Ralph Johnson and John Vlissides},
  ALTeditor = 	 {},
  title = 	 {Design Patterns: Elements of Reusable Object-Oriented Software},
  publisher = 	 {Addison-Wesley},
  year = 	 1995,
  OPTkey = 	 {},
  OPTvolume = 	 {},
  OPTnumber = 	 {},
  OPTseries = 	 {},
  address = 	 {Canada},
  edition = 	 1,
  OPTmonth = 	 {},
  OPTnote = 	 {},
  OPTannote = 	 {}
}

@Book{metsker,
  author = 	 {Steven John Metsker},
  ALTeditor = 	 {},
  title = 	 {Padrões de Projeto em Java},
  publisher = 	 {Bookman},
  year = 	 2004,
  OPTkey = 	 {},
  OPTvolume = 	 {},
  OPTnumber = 	 {},
  OPTseries = 	 {},
  address = 	 {São Paulo},
  edition = 	 1,
  OPTmonth = 	 {},
  OPTnote = 	 {},
  OPTannote = 	 {}
}

@Book{ian-sommerville,
  author = 	 {Ian Sommerville},
  ALTeditor = 	 {},
  title = 	 {Software Engineering},
  publisher = 	 {Addison-Wesley},
  year = 	 2006,
  OPTkey = 	 {},
  OPTvolume = 	 {},
  OPTnumber = 	 {},
  OPTseries = 	 {},
  address = 	 {Republic of China},
  edition = 	 8,
  OPTmonth = 	 {},
  OPTnote = 	 {},
  OPTannote = 	 {}
}

@Book{elmasri-navathe,
  author = 	 {Ramez Elmasri and Shamkant Navathe},
  ALTeditor = 	 {},
  title = 	 {Sistemas de Bancos de Dados},
  publisher = 	 {Addison-Wesley},
  year = 	 2005,
  OPTkey = 	 {},
  OPTvolume = 	 {},
  OPTnumber = 	 {},
  OPTseries = 	 {},
  address = 	 {São Paulo},
  edition = 	 4,
  OPTmonth = 	 {},
  OPTnote = 	 {},
  OPTannote = 	 {}
}

@Book{booch,
  author = 	 {Grady Booch},
  ALTeditor = 	 {},
  title = 	 {Object-oriented analysis and design with applications},
  publisher = 	 {Addison-Wesley},
  year = 	 1998,
  OPTkey = 	 {},
  OPTvolume = 	 {},
  OPTnumber = 	 {},
  OPTseries = 	 {},
  address = 	 {Canada},
  edition = 	 2,
  OPTmonth = 	 {},
  OPTnote = 	 {},
  OPTannote = 	 {}
}

@Book{rumbaugh-et-al,
  author = 	 {James Rumbaugh and Ivar Jacobson and Grady Booch},
  ALTeditor = 	 {},
  title = 	 {The Unified Modeling Language},
  publisher = 	 {Addison-Wesley},
  year = 	 1999,
  OPTkey = 	 {},
  OPTvolume = 	 {},
  OPTnumber = 	 {},
  OPTseries = 	 {},
  address = 	 {Boston},
  OPTmonth = 	 {},
  OPTnote = 	 {},
  OPTannote = 	 {}
}

@Book{sebesta,
  author = 	 {Robert W. Sebesta},
  ALTeditor = 	 {},
  title = 	 {Conceitos de Linguagens de Programação},
  publisher = 	 {Bookman},
  year = 	 2003,
  OPTkey = 	 {},
  OPTvolume = 	 {},
  OPTnumber = 	 {},
  OPTseries = 	 {},
  address = 	 {Porto Alegre},
  edition = 	 5,
  OPTmonth = 	 {},
  OPTnote = 	 {},
  OPTannote = 	 {}
}

@TechReport{ricarte,
  author = 	 {Ivan Luiz Marques Ricarte},
  title = 	 {Programação Orientada a Objetos - Uma abordagem com Java},
  institution =  {Unicamp},
  address =		{Campinas, SP},
  year = 	 2010,
  OPTkey = 	 {},
  type =	 {Página na Internet},
  key = 	 {Programação Orientada a Objetos - Uma abordagem com Java},
  month =	 jun,
  URL =	 	 {\url{http://www.dca.fee.unicamp.br/cursos/PooJava/index.shtml/}},
  OPTannote = 	 {}
}

@TechReport{sun-java,
  author = 	 {SUN},
  title = 	 {Object-Oriented Programming Concepts},
  institution =  {JAVA.SUN.COM},
  year = 	 2010,
  OPTkey = 	 {},
  type =	 {Página na Internet},
  key = 	 {Object-Oriented Programming Concepts},
  month =	 jun,
  URL =	 	 {\url{http://java.sun.com/docs/books/tutorial/java/concepts/index.html/}},
  OPTannote = 	 {}
}

@TechReport{edelweiss-galante,
  author = 	 {Nina Edelweiss and Renata de Matos Galante},
  title = 	 {Bancos de Dados Orientado a Objetos e Relacional-Objeto},
  institution =  {UFPA},
  address =		{Belém, PA},
  year = 	 2005,
  OPTkey = 	 {},
  type =	 {Artigo},
  key = 	 {Bancos de Dados Orientado a Objetos e Relacional-Objeto},
  month =	 jun,
  URL =	 	 {\url{http://www.cultura.ufpa.br/clima/bdoo/galante.pdf/}},
  OPTannote = 	 {}
}
