@Article{ segzigbee,
	title = "Security in 802.15.4 and ZigBee networks",
	author = "David Gasc{\'o}n",
	journal = "Wireless Sensor Network, Research Group",
	year = "2009"
}

@Article{ 8vszigbee,
	title = "802.15.4 vs ZigBee",
	author = "David Gasc{\'o}n",
	journal = "Wireless Sensor Network, Research Group",
	year = "2009"
}

@Article{ zigpro,
	title = "ZigBee vs ZigBee-Pro",
	author = "David Gasc{\'o}n",
	journal = "Wireless Sensor Network, Research Group",
	year = "2009"
}

@Article{ siteZig,
	title = "802.15.4 e ZigBee",
	author = "Leandro Ouriques M. de Carvalho and Pablo Salino Cunha",
	journal = "Wireless Sensor Network, Research Group",
	year = "2010"
}

@Book{ pic,
	title = "Desbravando o PIC",
	author = "David Jo{\'s}e de Souza",
	publisher = "Editora {\'E}rica",
	year = "2006"
}

@Article{ tato,
	title = "Medindo dist{\^a}ncias por ultrasom",
	organization = "Tato Equipamentos Eletr{\^o}nicos",
	author = "Tato Equipamentos Eletr{\^o}nicos",
	year = "2010",
	journal = "www.tato.ind.br"
}

@Article{ rogercom,
	title = "Controle remoto e aquisi\c{c}{\~a}o de dados via XBee/ZigBee (IEEE 802.15.4)",
	author = "Ant{\^o}nio Rog{\'e}rio Messias",
	year = "2008",
	url = "www.rogercom.com",
	journal = "www.rogercom.com"
}

